<?xml version="1.0" encoding="UTF-8"?><collection xmlns="http://www.loc.gov/MARC21/slim"><record><leader>00513nam--2200157-i-4500</leader><controlfield tag="001">000008285</controlfield><controlfield tag="002">20161230</controlfield><controlfield tag="005">20170305223935</controlfield><controlfield tag="008">060222s1000------------r-----000-0-eng-d</controlfield><datafield ind1=" " ind2=" " tag="100"><subfield code="a">Colson, James P</subfield></datafield><datafield ind1=" " ind2=" " tag="245"><subfield code="a">A fortran program for analysis of ellipsometer measurements and calculation of reflection coefficients from thin films</subfield></datafield><datafield ind1=" " ind2=" " tag="260"><subfield code="a">Washington</subfield><subfield code="b">U.S.Department Of Commerce</subfield><subfield code="c">1964</subfield></datafield><datafield ind1=" " ind2=" " tag="300"><subfield code="a">II+42 p</subfield></datafield><datafield ind1=" " ind2=" " tag="490"><subfield code="a">Nbs Technical Note 242</subfield></datafield><datafield ind1=" " ind2=" " tag="700"><subfield code="a">Mccrackin, Frank L</subfield></datafield><datafield ind1=" " ind2=" " tag="CAT"><subfield code="a">SYS</subfield><subfield code="c">20170305</subfield><subfield code="h">223935</subfield></datafield></record></collection>